@misc{
 	web1, 
	title={Bicycle-thefts}, 
	url={https://data.torontopolice.on.ca/pages/bicycle-thefts}, 
	journal={Toronto Police Service Public Safety Data Portal}
	} 

@misc{
	web2, 
	title={Bike thefts are increasing in Canada: Here's what you can do to protect your bike}, 
	url={https://cyclingmagazine.ca/sections/news/bike-theft-canada/}, 
	journal={Canadian Cycling Magazine}, 
	author={Hansen-Gillis, Lily}, 
	year={2020}, 
	month={Nov}
	} 